@inbook{motwani1995randomized,
    title={Randomized Algorithms},
    author={Motwani, Rajeev},
    year={1995},
    publisher={Cambridge University Press},
    pages={47--51},
    url = {https://cibleplus.ulb.ac.be/discovery/fulldisplay?&context=L&vid=32ULDB_U_INST:32ULB_VU1&search_scope=MyInst_and_CI&tab=Everything&docid=alma991006487889704066},
}

@misc{wiki:QuickSelect,
    author = "Wikipédia",
    title = "Quickselect --- Wikipédia{,} l'encyclopédie libre",
    year = "2024",
    url = "http://fr.wikipedia.org/w/index.php?title=Quickselect&oldid=214734694",
    note = "[En ligne; Page disponible le 1-mai-2024]"
}
